<?xml version="1.0" encoding="UTF-8"?><collection xmlns="http://www.loc.gov/MARC21/slim"><record><leader>00427nam--2200169-i-4500</leader><controlfield tag="001">000047559</controlfield><controlfield tag="002">20161230</controlfield><controlfield tag="005">20161230201046</controlfield><controlfield tag="008">060222s1000------------r-----000-0-eng-d</controlfield><datafield ind1=" " ind2=" " tag="040"><subfield code="a">IFIN-HH</subfield></datafield><datafield ind1=" " ind2=" " tag="080"><subfield code="a">548.73</subfield></datafield><datafield ind1="1" ind2=" " tag="100"><subfield code="a">Wooster, W.A</subfield></datafield><datafield ind1="1" ind2="0" tag="245"><subfield code="a">Diffuse x-ray reflections from crystals</subfield><subfield code="c">W.a. wooster</subfield></datafield><datafield ind1=" " ind2=" " tag="260"><subfield code="a">Oxford</subfield><subfield code="b">Clarendon Press</subfield><subfield code="c">1962</subfield></datafield><datafield ind1=" " ind2=" " tag="300"><subfield code="a">XI + 200P</subfield></datafield><datafield ind1=" " ind2=" " tag="852"><subfield code="a">17928</subfield></datafield><datafield ind1=" " ind2=" " tag="CAT"><subfield code="a">Sys</subfield><subfield code="c">20110809</subfield><subfield code="h">123949</subfield></datafield></record></collection>